@article{Smithson2006AVariables,
    title = {{A better lemon squeezer? Maximum-likelihood regression with beta-distributed dependent variables}},
    year = {2006},
    journal = {Psychological Methods},
    author = {Smithson, Michael and Verkuilen, Jay},
    number = {1},
    pages = {54--71},
    volume = {11},
    doi = {10.1037/1082-989X.11.1.54},
    issn = {1082989X},
    pmid = {16594767},
    keywords = {Beta distribution, Generalized linear model, Heteroscedasticity, Regression, Variance}
}

@article{Smithson2006AVariablesb,
    title = {{A better lemon squeezer? Maximum-likelihood regression with beta-distributed dependent variables}},
    year = {2006},
    journal = {Psychological Methods},
    author = {Smithson, Michael and Verkuilen, Jay},
    number = {1},
    pages = {54--71},
    volume = {11},
    doi = {10.1037/1082-989X.11.1.54},
    issn = {1082989X},
    pmid = {16594767},
    keywords = {Beta distribution, Generalized linear model, Heteroscedasticity, Regression, Variance}
}

@article{Fransen2015ACenters,
    title = {{A commuter-based two-step floating catchment area method for measuring spatial accessibility of daycare centers}},
    year = {2015},
    journal = {Health and Place},
    author = {Fransen, Koos and Neutens, Tijs and De Maeyer, Philippe and Deruyter, Greet},
    month = {3},
    pages = {65--73},
    volume = {32},
    publisher = {Elsevier Ltd},
    doi = {10.1016/j.healthplace.2015.01.002},
    issn = {18732054},
    pmid = {25638791},
    keywords = {Accessibility, Daycare center, GIS, Two-step floating catchment area method}
}

@article{Chen2019AMethod,
    title = {{A comparative analysis of accessibility measures by the two-step floating catchment area (2SFCA) method}},
    year = {2019},
    journal = {International Journal of Geographical Information Science},
    author = {Chen, Xiang and Jia, Pengfei},
    number = {9},
    pages = {1739--1758},
    volume = {33},
    url = {https://doi.org/10.1080/13658816.2019.1591415},
    doi = {10.1080/13658816.2019.1591415},
    issn = {13623087},
    keywords = {2SFCA, accessibility, distance decay, sensitivity analysis, spatial interaction model}
}

@book{Cook2014AStatistics,
    title = {{A Dictionary of Statistics}},
    year = {2014},
    author = {Cook, Ian and Upton, Graham},
    edition = {3rd edn},
    publisher = {Oxford University Press},
    url = {https://www.oxfordreference.com/view/10.1093/acref/9780199679188.001.0001/acref-9780199679188-e-1639},
    isbn = {9780199679188},
    doi = {10.1093/acref/9780199679188.001.0001}
}

@misc{NationalAcademies2020ACoronavirus,
    title = {{A Framework for Equitable Allocation of Vaccine for the Novel Coronavirus}},
    year = {2020},
    author = {{National Academies}},
    url = {https://www.nationalacademies.org/our-work/a-framework-for-equitable-allocation-of-vaccine-for-the-novel-coronavirus}
}

@article{Mathieu2021AVaccinations,
    title = {{A global database of COVID-19 vaccinations}},
    year = {2021},
    journal = {Nature Human Behaviour},
    author = {Mathieu, Edouard and Ritchie, Hannah and Ortiz-Ospina, Esteban and Roser, Max and Hasell, Joe and Appel, Cameron and Giattino, Charlie and Rod{\'{e}}s-Guirao, Lucas},
    number = {July},
    volume = {5},
    url = {http://dx.doi.org/10.1038/s41562-021-01122-8},
    doi = {10.1038/s41562-021-01122-8},
    issn = {23973374}
}

@article{Hu2020AParks,
    title = {{A multi-mode Gaussian-based two-step floating catchment area method for measuring accessibility of urban parks}},
    year = {2020},
    journal = {Cities},
    author = {Hu, Shuju and Song, Wei and Li, Chenggu and Lu, Jia},
    number = {May 2019},
    pages = {102815},
    volume = {105},
    url = {https://doi.org/10.1016/j.cities.2020.102815},
    doi = {10.1016/j.cities.2020.102815},
    issn = {02642751},
    keywords = {Accessibility, Network analysis, Public health, Spatial mismatch, Urban green space}
}

@article{Lin2021AMethods,
    title = {{A narrative analysis of the 2SFCA and i2SFCA methods}},
    year = {2021},
    journal = {https://doi.org/10.1080/13658816.2021.1986831},
    author = {Lin, Jie and Cromley, Gordon},
    month = {10},
    pages = {1--25},
    publisher = {Taylor {\&} Francis},
    url = {https://www.tandfonline.com/doi/abs/10.1080/13658816.2021.1986831},
    doi = {10.1080/13658816.2021.1986831},
    keywords = {2SFCA, Spatial accessibility, market potential, spatial interaction}
}

@article{Huff1963AAreas,
    title = {{A Probabilistic Analysis of Shopping Center Trade Areas}},
    year = {1963},
    journal = {Land Economics},
    author = {Huff, David L.},
    number = {1},
    pages = {81},
    volume = {39},
    doi = {10.2307/3144521},
    issn = {00237639}
}

@article{Saxon2020ACare,
    title = {{A Rational Agent Model for the Spatial Accessibility of Primary Health Care}},
    year = {2020},
    journal = {Annals of the American Association of Geographers},
    author = {Saxon, James and Snow, Daniel},
    number = {1},
    pages = {205--222},
    volume = {110},
    url = {https://doi.org/10.1080/24694452.2019.1629870},
    doi = {10.1080/24694452.2019.1629870},
    issn = {24694460}
}

@article{Sharma2021AEvidence,
    title = {{A Theory-Based Analysis of COVID-19 Vaccine Hesitancy among African Americans in the United States: A Recent Evidence}},
    year = {2021},
    journal = {Healthcare 2021, Vol. 9, Page 1273},
    author = {Sharma, Manoj and Batra, Kavita and Batra, Ravi},
    number = {10},
    month = {9},
    pages = {1273},
    volume = {9},
    publisher = {Multidisciplinary Digital Publishing Institute},
    url = {https://www.mdpi.com/2227-9032/9/10/1273/htm https://www.mdpi.com/2227-9032/9/10/1273},
    doi = {10.3390/HEALTHCARE9101273},
    issn = {2227-9032},
    keywords = {19, 19 vaccine, African American, COVID, CoV, SARS, multi, pandemic, theory model, vaccine hesitancy}
}

@article{Wan2012AServices,
    title = {{A three-step floating catchment area method for analyzing spatial access to health services}},
    year = {2012},
    journal = {International Journal of Geographical Information Science},
    author = {Wan, Neng and Zou, Bin and Sternberg, Troy},
    number = {6},
    pages = {1073--1089},
    volume = {26},
    doi = {10.1080/13658816.2011.624987},
    issn = {13623087},
    keywords = {E2SFCA, GIS, Gravity model, Health professional shortage area, Health service, Spatial access}
}

@article{Wang2020AccessObserved,
    title = {{Access to hospitals: Potential vs. observed}},
    year = {2020},
    journal = {Cities},
    author = {Wang, Jiaoe and Du, Fangye and Huang, Jie and Liu, Yu},
    month = {5},
    pages = {102671},
    volume = {100},
    publisher = {Pergamon},
    doi = {10.1016/J.CITIES.2020.102671},
    issn = {0264-2751},
    keywords = {Big data, Catchment area, Observed hospital accessibility, Taxi trip, Travel behavior}
}

@article{Alemdar2021AccessibilityApproach,
    title = {{Accessibility of Vaccination Centers in COVID-19 Outbreak Control: A GIS-Based Multi-Criteria Decision Making Approach}},
    year = {2021},
    journal = {ISPRS International Journal of Geo-Information 2021, Vol. 10, Page 708},
    author = {Alemdar, Kadir Diler and Kaya, Ömer and {\c{C}}odur, Muhammed Yasin and Campisi, Tiziana and Tesoriere, Giovanni},
    number = {10},
    month = {10},
    pages = {708},
    volume = {10},
    publisher = {Multidisciplinary Digital Publishing Institute},
    url = {https://www.mdpi.com/2220-9964/10/10/708/htm https://www.mdpi.com/2220-9964/10/10/708},
    doi = {10.3390/IJGI10100708},
    keywords = {19, COVID, Turkey, outbreak management, site selection, vaccination}
}

@article{Shaw2020AccessibilityModel,
    title = {{Accessibility to Primary Health Centre in a Tribal District of Gujarat, India: application of two step floating catchment area model}},
    year = {2020},
    journal = {GeoJournal},
    author = {Shaw, Subhojit and Sahoo, Harihar},
    number = {2},
    pages = {505--514},
    volume = {85},
    url = {https://doi.org/10.1007/s10708-019-09977-1},
    isbn = {1070801909},
    doi = {10.1007/s10708-019-09977-1},
    issn = {15729893},
    keywords = {2SFCA, Accessibility, PHC, Road network, Service area}
}

@article{ODriscoll2020Age-specificSARS-CoV-2,
    title = {{Age-specific mortality and immunity patterns of SARS-CoV-2}},
    year = {2020},
    journal = {Nature},
    author = {O’Driscoll, Megan and Dos Santos, Gabriel Ribeiro and Wang, Lin and Cummings, Derek A.T. and Azman, Andrew S. and Paireau, Juliette and Fontanet, Arnaud and Cauchemez, Simon and Salje, Henrik},
    number = {August},
    doi = {10.1038/s41586-020-2918-0},
    issn = {14764687},
    pmid = {33137809}
}

@article{Weibull1976AnAccessibility,
    title = {{An axiomatic approach to the measurement of accessibility}},
    year = {1976},
    journal = {Regional Science and Urban Economics},
    author = {Weibull, Jörgen W.},
    number = {4},
    month = {12},
    pages = {357--379},
    volume = {6},
    publisher = {North-Holland},
    doi = {10.1016/0166-0462(76)90031-4},
    issn = {0166-0462}
}

@article{Luo2009AnPhysicians,
    title = {{An enhanced two-step floating catchment area (E2SFCA) method for measuring spatial accessibility to primary care physicians}},
    year = {2009},
    journal = {Health and Place},
    author = {Luo, Wei and Qi, Yi},
    number = {4},
    pages = {1100--1107},
    volume = {15},
    publisher = {Elsevier},
    url = {http://dx.doi.org/10.1016/j.healthplace.2009.06.002},
    doi = {10.1016/j.healthplace.2009.06.002},
    issn = {13538292},
    pmid = {19576837},
    keywords = {GIS, Gravity model, Primary care physician shortage, Spatial accessibility, Two-step floating catchment area}
}

@article{Luo2009AnPhysiciansb,
    title = {{An enhanced two-step floating catchment area (E2SFCA) method for measuring spatial accessibility to primary care physicians}},
    year = {2009},
    journal = {Health and Place},
    author = {Luo, Wei and Qi, Yi},
    number = {4},
    pages = {1100--1107},
    volume = {15},
    url = {http://dx.doi.org/10.1016/j.healthplace.2009.06.002},
    doi = {10.1016/j.healthplace.2009.06.002},
    issn = {13538292},
    pmid = {19576837},
    keywords = {GIS, Gravity model, Primary care physician shortage, Spatial accessibility, Two-step floating catchment area}
}

@article{Ni2015AnNanjing,
    title = {{An enhanced variable two-step floating catchment area method for measuring spatial accessibility to residential care facilities in Nanjing}},
    year = {2015},
    journal = {International Journal of Environmental Research and Public Health},
    author = {Ni, Jianhua and Wang, Jinyin and Rui, Yikang and Qian, Tianlu and Wang, Jiechen},
    number = {11},
    pages = {14490--14504},
    volume = {12},
    publisher = {MDPI AG},
    doi = {10.3390/ijerph121114490},
    issn = {16604601},
    pmid = {26580637},
    keywords = {Catchment size, Residential care facility, Spatial accessibility, Two-step floating catchment area (2FCA) method}
}

@article{Polzin2014AnCare,
    title = {{An extended kernel density two-step floating catchment area method to analyze access to health care}},
    year = {2014},
    journal = {Environ. Plann. B Plann. Des.},
    author = {Polzin, Pierre and Borges, José and Coelho, António},
    number = {4},
    pages = {717--735},
    volume = {41},
    publisher = {Pion Limited},
    doi = {10.1068/b120050p},
    issn = {14723417},
    keywords = {Accessibility, Regional analysis, Socioeconomic analysis, Spatial analysis}
}

@article{Khan1992AnServices,
    title = {{An integrated approach to measuring potential spatial access to health care services}},
    year = {1992},
    journal = {Socio-Economic Planning Sciences},
    author = {Khan, Abdullah A.},
    number = {4},
    month = {10},
    pages = {275--287},
    volume = {26},
    publisher = {Pergamon},
    doi = {10.1016/0038-0121(92)90004-O},
    issn = {0038-0121}
}

@article{Saxon2021AnAccessible,
    title = {{An open software environment to make spatial access metrics more accessible}},
    year = {2021},
    journal = {Journal of Computational Social Science},
    author = {Saxon, James and Koschinsky, Julia and Acosta, Karina and Anguiano, Vidal and Anselin, Luc and Rey, Sergio},
    url = {https://doi.org/10.1007/s42001-021-00126-8},
    isbn = {0123456789},
    doi = {10.1007/s42001-021-00126-8},
    issn = {2432-2717},
    keywords = {Open science, Spatial access, Travel time computatio, open science, spatial access, travel time computation}
}

@article{Kelly2016AreReview,
    title = {{Are differences in travel time or distance to healthcare for adults in global north countries associated with an impact on health outcomes? A systematic review}},
    year = {2016},
    journal = {BMJ Open},
    author = {Kelly, Charlotte and Hulme, Claire and Farragher, Tracey and Clarke, Graham},
    number = {11},
    pages = {1--9},
    volume = {6},
    doi = {10.1136/bmjopen-2016-013059},
    issn = {20446055},
    pmid = {27884848},
    keywords = {Access to Healthcare, Health Outcomes, Systematic Review}
}

@article{Hu2013AssessingCounty,
    title = {{Assessing potential spatial accessibility of health services in rural China: A case study of Donghai county}},
    year = {2013},
    journal = {International Journal for Equity in Health},
    author = {Hu, Ruishan and Dong, Suocheng and Zhao, Yonghong and Hu, Hao and Li, Zehong},
    number = {1},
    pages = {1--11},
    volume = {12},
    doi = {10.1186/1475-9276-12-35},
    issn = {14759276},
    pmid = {23688278},
    keywords = {China, Donghai county, E2SFCA, Potential spatial accessibility of health services, Shortest travel times, Villages}
}

@article{Wang2005AssessingAreas,
    title = {{Assessing spatial and nonspatial factors for healthcare access: Towards an integrated approach to defining health professional shortage areas}},
    year = {2005},
    journal = {Health and Place},
    author = {Wang, Fahui and Luo, Wei},
    number = {2},
    pages = {131--146},
    volume = {11},
    isbn = {1815753684},
    doi = {10.1016/j.healthplace.2004.02.003},
    issn = {13538292},
    pmid = {15629681},
    keywords = {Geographic information systems, Health professional shortage areas, Healthcare access, Nonspatial factors, Spatial accessibility}
}

@article{Paul2021AttitudesCommunications,
    title = {{Attitudes towards vaccines and intention to vaccinate against COVID-19: Implications for public health communications}},
    year = {2021},
    journal = {The Lancet Regional Health - Europe},
    author = {Paul, Elise and Steptoe, Andrew and Fancourt, Daisy},
    pages = {100012},
    volume = {1},
    publisher = {Elsevier Ltd},
    url = {https://doi.org/10.1016/j.lanepe.2020.100012},
    doi = {10.1016/j.lanepe.2020.100012},
    issn = {26667762},
    keywords = {"COVID-19", "attitudes towards vaccines", "vaccine refusal"}
}

@article{Ferrari2004BetaProportions,
    title = {{Beta Regression for Modelling Rates and Proportions}},
    year = {2004},
    journal = {http://dx.doi.org/10.1080/0266476042000214501},
    author = {Ferrari, Silvia and Cribari-Neto, Francisco},
    number = {7},
    month = {8},
    pages = {799--815},
    volume = {31},
    publisher = {Taylor {\&} Francis Group},
    url = {https://www.tandfonline.com/doi/abs/10.1080/0266476042000214501},
    doi = {10.1080/0266476042000214501},
    keywords = {Beta Distribution, Leverage, Maximum Likelihood Estimation, Proportions, Residuals}
}

@article{Ferrari2004BetaProportionsb,
    title = {{Beta regression for modelling rates and proportions}},
    year = {2004},
    journal = {Journal of Applied Statistics},
    author = {Ferrari, Silvia L.P. and Cribari-Neto, Francisco},
    number = {7},
    pages = {799--815},
    volume = {31},
    doi = {10.1080/0266476042000214501},
    issn = {02664763},
    keywords = {Beta distribution, Leverage, Maximum likelihood estimation, Proportions, Residuals}
}

@article{Aktas2017BetaTurkey,
    title = {{Beta Regression for the Indicator Values of Well-Being Index For Provinces in Turkey}},
    year = {2017},
    journal = {Journal of Engineering Technology and Applied Sciences},
    author = {Akta{\c{s}}, Serpil and Unlu, Hande},
    number = {2},
    pages = {101--111},
    volume = {2},
    doi = {10.30931/jetas.321165},
    issn = {2548-0391}
}

@article{Cribari-Neto2010BetaR,
    title = {{Beta regression in R}},
    year = {2010},
    journal = {Journal of Statistical Software},
    author = {Cribari-Neto, Francisco and Zeileis, Achim},
    number = {2},
    month = {4},
    pages = {1--24},
    volume = {34},
    publisher = {University of California at Los Angeles},
    url = {https://www.jstatsoft.org/index.php/jss/article/view/v034i02/v34i02.pdf https://www.jstatsoft.org/index.php/jss/article/view/v034i02},
    doi = {10.18637/jss.v034.i02},
    issn = {15487660},
    keywords = {Beta regression, Proportions, R, Rates}
}

@article{Cribari-Neto2010BetaRb,
    title = {{Beta regression in R}},
    year = {2010},
    journal = {Journal of Statistical Software},
    author = {Cribari-Neto, Francisco and Zeileis, Achim},
    number = {2},
    pages = {1--24},
    volume = {34},
    doi = {10.18637/jss.v034.i02},
    issn = {15487660},
    keywords = {Beta regression, Proportions, R, Rates}
}

@article{Fisher2019BriefingRisks,
    title = {{Briefing : Understanding primary care networks Context, benefits and risks}},
    year = {2019},
    journal = {The Health Foundation},
    author = {Fisher, Rebecca and Thorlby, Ruth and Alderwick, Hugh},
    number = {July},
    pages = {1--22},
    url = {https://www.health.org.uk/sites/default/files/upload/publications/2019/Understanding primary care networks.pdf}
}

@misc{ONS2011CarAvailability,
    title = {{Car or van availability}},
    year = {2011},
    booktitle = {Nomis},
    author = {{ONS}},
    url = {https://www.nomisweb.co.uk/census/2011/qs416ew}
}

@article{Fortney2000ComparingServices,
    title = {{Comparing alternative methods of measuring geographic access to health services}},
    year = {2000},
    journal = {Health Services and Outcomes Research Methodology},
    author = {Fortney, John and Rost, Kathryn and Warren, James},
    number = {2},
    pages = {173--184},
    volume = {1},
    doi = {10.1023/A:1012545106828},
    issn = {13873741},
    keywords = {Geographic access, Geographic information system, Travel time}
}

@article{Yang2006ComparingServices,
    title = {{Comparing GIS-Based Methods of Measuring Spatial Accessibility to Health Services}},
    year = {2006},
    journal = {Journal of Medical Systems 2006 30:1},
    author = {Yang, Duck-Hye and Goerge, Robert and Mullner, Ross},
    number = {1},
    month = {2},
    pages = {23--32},
    volume = {30},
    publisher = {Springer},
    url = {https://link.springer.com/article/10.1007/s10916-006-7400-5},
    doi = {10.1007/S10916-006-7400-5},
    issn = {1573-689X},
    keywords = {Health Informatics, Health Sciences, Medicine, Statistics for Life Sciences}
}

@misc{OfficeforNationalStatistics2021CoronavirusStatistics,
    title = {{Coronavirus and vaccine hesitancy, Great Britain - Office for National Statistics}},
    year = {2021},
    author = {{Office for National Statistics}},
    url = {https://www.ons.gov.uk/peoplepopulationandcommunity/healthandsocialcare/healthandwellbeing/bulletins/coronavirusandvaccinehesitancygreatbritain/latest https://www.ons.gov.uk/peoplepopulationandcommunity/healthandsocialcare/healthandwellbeing/bulletins/cor}
}

@misc{Ritchie2021CoronavirusCOVID-19,
    title = {{Coronavirus Pandemic (COVID-19)}},
    year = {2021},
    author = {Ritchie, Hannah and Ortiz-Ospina, Esteban and Beltekian, Diana and Mathieu, Edouard and Hasell, Joe and Macdonald, Bobbie and Giattino, Charlie and Appel, Cameron and Rod{\'{e}}s-Guirao, Lucas and Roser, Max},
    url = {https://ourworldindata.org/covid-vaccinations}
}

@misc{NHSEngland2021CoronavirusSites,
    title = {{Coronavirus Vaccination Sites}},
    year = {2021},
    author = {{NHS England}},
    url = {https://www.england.nhs.uk/coronavirus/publication/vaccination-sites/}
}

@misc{Rebecca2021CovidNews,
    title = {{Covid 19: More than one third of Londoners unvaccinated - BBC News}},
    year = {2021},
    author = {Rebecca, Cafe},
    url = {https://www.bbc.co.uk/news/uk-england-london-57874402}
}

@misc{TheVisualandDataJournalismTeamCovidNews,
    title = {{Covid vaccine: How many people are vaccinated in the UK? - BBC News}},
    author = {{The Visual and Data Journalism Team}},
    url = {https://www.bbc.co.uk/news/health-55274833}
}

@misc{PHE2021COVID-19Groups,
    title = {{COVID-19 vaccination first phase priority groups}},
    year = {2021},
    author = {{PHE}},
    url = {https://www.gov.uk/government/publications/covid-19-vaccination-care-home-and-healthcare-settings-posters/covid-19-vaccination-first-phase-priority-groups}
}

@misc{OfficeforNationalStatistics2021COVID-19Group,
    title = {{COVID-19 vaccination rates and odds ratios by socio-demographic group}},
    year = {2021},
    author = {{Office for National Statistics}},
    url = {https://www.ons.gov.uk/peoplepopulationandcommunity/healthandsocialcare/healthinequalities/datasets/covid19vaccinationratesandoddsratiosbysociodemographicgroup}
}

@misc{NHS2021COVID-19Archive,
    title = {{COVID-19 Vaccinations Archive}},
    year = {2021},
    author = {{NHS}},
    url = {https://www.england.nhs.uk/statistics/statistical-work-areas/covid-19-vaccinations/covid-19-vaccinations-archive/}
}

@misc{Mutebi2021COVID-19POST,
    title = {{COVID-19 vaccine coverage and targeted interventions to improve vaccination uptake - POST}},
    year = {2021},
    author = {Mutebi, Natasha},
    url = {https://post.parliament.uk/covid-19-vaccine-coverage-and-targeted-interventions-to-improve-vaccination-uptake/}
}

@article{Mills2020COVID-19Strategies,
    title = {{COVID-19 vaccine deployment: behaviour, ethics, misinformation and policy strategies}},
    year = {2020},
    journal = {The British Academy},
    author = {Mills, Melinda C. and Rahal, Charles and Brazel, David and Yan, Jiani and Gieysztor, Sofia},
    number = {October},
    pages = {1--35},
    url = {https://royalsociety.org/-/media/policy/projects/set-c/set-c-vaccine-deployment.pdf}
}

@misc{Razai2021COVID-19Factors,
    title = {{COVID-19 vaccine hesitancy: the five Cs to tackle behavioural and sociodemographic factors}},
    year = {2021},
    booktitle = {Journal of the Royal Society of Medicine},
    author = {Razai, Mohammad S and Oakeshott, Pippa and Esmail, Aneez and Wiysonge, Charles Shey and Viswanath, Kasisomayajula and Mills, Melinda C},
    number = {6},
    month = {6},
    pages = {295--298},
    volume = {114},
    publisher = {SAGE PublicationsSage UK: London, England},
    url = {https://journals.sagepub.com/doi/full/10.1177/01410768211018951},
    doi = {10.1177/01410768211018951},
    issn = {01410768},
    pmid = {34077688}
}

@article{Weintraub2021COVID-19Now,
    title = {{COVID-19 Vaccine To Vaccination: Why Leaders Must Invest In Delivery Strategies Now}},
    year = {2021},
    journal = {Health affairs (Project Hope)},
    author = {Weintraub, Rebecca L. and Subramanian, Laura and Karlage, Ami and Ahmad, Iman and Rosenberg, Julie},
    number = {1},
    month = {1},
    pages = {33--41},
    volume = {40},
    publisher = {Health Aff (Millwood)},
    url = {https://pubmed.ncbi.nlm.nih.gov/33211554/},
    doi = {10.1377/HLTHAFF.2020.01523},
    issn = {1544-5208},
    pmid = {33211554},
    keywords = {COVID-19 / prevention {\&} control*, COVID-19 Vaccines / administration {\&} dosage*, Delivery of Health Care / organization {\&} administr, Humans, Immunization Programs / organization {\&} administrat, Julie Rosenberg, Laura Subramanian, MEDLINE, NCBI, NIH, NLM, National Center for Biotechnology Information, National Institutes of Health, National Library of Medicine, PubMed Abstract, Rebecca L Weintraub, Vaccination, doi:10.1377/hlthaff.2020.01523, pmid:33211554}
}

@book{Han2012DataTechniques,
    title = {{Data mining : concepts and techniques}},
    year = {2012},
    author = {Han, Jiawei and Kamber, Micheline and Pei, Jian},
    edition = {3rd edn},
    pages = {114},
    publisher = {Burlington : Elsevier Science},
    isbn = {9780123814791},
    doi = {10.1016/b978-0-12-381479-1.00003-4}
}

@article{Hwang2000DataATS,
    title = {{Data processing procedures and methodology for estimating trip distances for the 1995 American Travel Survey (ATS)}},
    year = {2000},
    journal = {United States},
    author = {Hwang, W.G. and Rollow, J.},
    number = {May},
    doi = {10.2172/763239},
    keywords = {Data processing Procedures, Estimating Trip Distan}
}

@article{Cao2019DeterminingHampshire,
    title = {{Determining spatial access to opioid use disorder treatment and emergency medical services in New Hampshire}},
    year = {2019},
    journal = {Journal of Substance Abuse Treatment},
    author = {Cao, Yanjia and Stewart, Kathleen and Wish, Eric and Artigiani, E. and Sorg, Marcella},
    number = {March},
    pages = {55--66},
    volume = {101},
    publisher = {Elsevier},
    url = {https://doi.org/10.1016/j.jsat.2019.03.013},
    doi = {10.1016/j.jsat.2019.03.013},
    issn = {0740-5472},
    keywords = {Emergency medical services, Floating catchment area, Opioid use disorder treatment services, Spatial accessibility, Substance use disorder, emergency medical services, opioid use disorder treatment, services, spatial accessibility}
}

@article{Cao2019DeterminingHampshireb,
    title = {{Determining spatial access to opioid use disorder treatment and emergency medical services in New Hampshire}},
    year = {2019},
    journal = {Journal of Substance Abuse Treatment},
    author = {Cao, Yanjia and Stewart, Kathleen and Wish, Eric and Artigiani, Eleanor and Sorg, Marcella H.},
    month = {6},
    pages = {55--66},
    volume = {101},
    publisher = {Pergamon},
    doi = {10.1016/J.JSAT.2019.03.013},
    issn = {0740-5472},
    pmid = {31174714},
    keywords = {Emergency medical services, Floating catchment area, Opioid use disorder treatment services, Spatial accessibility, Substance use disorder}
}

@misc{Ordonez2019Documentation,
    title = {{Documentation for the PySAL Spatial Access Package What is in this documentation ?}},
    year = {2019},
    author = {Ordonez, Karina Acosta and Koschinsky, Julia},
    url = {http://geodacenter.github.io/docs/PySALAccess Package_Documentation.pdf}
}

@article{Ye2022EquitableCountries,
    title = {{Equitable access to COVID-19 vaccines makes a life-saving difference to all countries}},
    year = {2022},
    journal = {Nature Human Behaviour 2022 6:2},
    author = {Ye, Yang and Zhang, Qingpeng and Wei, Xuan and Cao, Zhidong and Yuan, Hsiang Yu and Zeng, Daniel Dajun},
    number = {2},
    month = {1},
    pages = {207--216},
    volume = {6},
    publisher = {Nature Publishing Group},
    url = {https://www.nature.com/articles/s41562-022-01289-8},
    doi = {10.1038/s41562-022-01289-8},
    issn = {2397-3374},
    pmid = {35102361},
    keywords = {Complex networks}
}

@article{Culyer1993EquityCare,
    title = {{Equity and equality in health and health care}},
    year = {1993},
    journal = {Journal of Health Economics},
    author = {Culyer, A. J. and Wagstaff, Adam},
    number = {4},
    month = {12},
    pages = {431--457},
    volume = {12},
    publisher = {North-Holland},
    doi = {10.1016/0167-6296(93)90004-X},
    issn = {0167-6296},
    keywords = {Equity, Health, Health care}
}

@article{Oliver2004EquityAction,
    title = {{Equity of access to health care: outlining the foundations for action}},
    year = {2004},
    journal = {Journal of Epidemiology {\&} Community Health},
    author = {Oliver, Adam and Mossialos, Elias},
    number = {8},
    month = {8},
    pages = {655--658},
    volume = {58},
    publisher = {BMJ Publishing Group Ltd},
    url = {https://jech.bmj.com/content/58/8/655 https://jech.bmj.com/content/58/8/655.abstract},
    doi = {10.1136/JECH.2003.017731},
    issn = {0143-005X},
    pmid = {15252067}
}

@article{Salze2011EstimatingModel,
    title = {{Estimating spatial accessibility to facilities on the regional scale: An extended commuting-based interaction potential model}},
    year = {2011},
    journal = {International Journal of Health Geographics},
    author = {Salze, Paul and Banos, Arnaud and Oppert, Jean Michel and Charreire, Hélène and Casey, Romain and Simon, Chantal and Chaix, Basile and Badariotti, Dominique and Weber, Christiane},
    number = {1},
    pages = {2},
    volume = {10},
    publisher = {BioMed Central Ltd},
    url = {http://www.ij-healthgeographics.com/content/10/1/2},
    doi = {10.1186/1476-072X-10-2},
    issn = {1476072X},
    pmid = {21219597}
}

@article{Omer2006EvaluatingPerspective,
    title = {{Evaluating accessibility using house-level data: A spatial equity perspective}},
    year = {2006},
    journal = {Computers, Environment and Urban Systems},
    author = {Omer, Itzhak},
    number = {3},
    pages = {254--274},
    volume = {30},
    doi = {10.1016/j.compenvurbsys.2005.06.004},
    issn = {01989715},
    keywords = {Accessibility, House-level data, Population census, Spatial equity, Urban parks}
}

@article{Gong2021EvaluatingMeasurement,
    title = {{Evaluating healthcare resource inequality in Beijing, China based on an improved spatial accessibility measurement}},
    year = {2021},
    journal = {Transactions in GIS},
    author = {Gong, Shize and Gao, Yong and Zhang, Fan and Mu, Lan and Kang, Chaogui and Liu, Yu},
    number = {3},
    month = {6},
    pages = {1504--1521},
    volume = {25},
    publisher = {John Wiley {\&} Sons, Ltd},
    url = {https://onlinelibrary.wiley.com/doi/10.1111/tgis.12737},
    doi = {10.1111/tgis.12737},
    issn = {14679671}
}

@article{Kanuganti2016EvaluationMethod,
    title = {{Evaluation of access to health care in rural areas using enhanced two-step floating catchment area (E2SFCA) method}},
    year = {2016},
    journal = {Journal of Transport Geography},
    author = {Kanuganti, Shalini and Sarkar, Ashoke Kumar and Singh, Ajit Pratap},
    pages = {45--52},
    volume = {56},
    url = {http://dx.doi.org/10.1016/j.jtrangeo.2016.08.011},
    doi = {10.1016/j.jtrangeo.2016.08.011},
    issn = {09666923},
    keywords = {Accessibility, E2SFCA, Health center, Impedance function}
}

@article{Kuai2017ExaminingLouisiana,
    title = {{Examining healthy food accessibility and disparity in Baton Rouge, Louisiana}},
    year = {2017},
    journal = {Annals of GIS},
    author = {Kuai, Xuan and Zhao, Qunshan},
    number = {2},
    month = {4},
    pages = {103--116},
    volume = {23},
    publisher = {Taylor {\&} Francis},
    url = {https://www.tandfonline.com/doi/abs/10.1080/19475683.2017.1304448},
    doi = {10.1080/19475683.2017.1304448},
    issn = {19475691},
    keywords = {2SFCA, GWR, Spatial accessibility, disparity, healthy food access}
}

@book{Faraway2016ExtendingEdition,
    title = {{Extending the Linear Model with R : Generalized Linear, Mixed Effects and Nonparametric Regression Models, Second Edition}},
    year = {2016},
    author = {Faraway, Julian J.},
    edition = {2nd edn},
    pages = {64--65},
    publisher = {Boca Raton : CRC Press, Taylor {\&} Francis Group Related Titles},
    doi = {10.1201/9781315382722-5}
}

@article{Benderly2022FightingStudy,
    title = {{Fighting a pandemic: sociodemographic disparities and coronavirus disease-2019 vaccination gaps—a population study}},
    year = {2022},
    journal = {International Journal of Epidemiology},
    author = {Benderly, Michal and Huppert, Amit and Novikov, Ilya and Ziv, Arnona and Kalter-Leibovici, Ofra},
    month = {2},
    publisher = {Oxford University Press (OUP)},
    url = {https://academic.oup.com/ije/advance-article/doi/10.1093/ije/dyac007/6519493},
    doi = {10.1093/IJE/DYAC007},
    issn = {0300-5771},
    keywords = {arab ethnic group, coronavirus, health disparity, jews, vaccination coverage}
}

@article{Figueiredo2021ForecastingUK,
    title = {{Forecasting sub-national trends in COVID-19 vaccine uptake in the UK}},
    year = {2021},
    journal = {medRxiv},
    author = {Figueiredo, A. de},
    month = {4},
    pages = {2020.12.17.20248382},
    publisher = {Cold Spring Harbor Laboratory Press},
    url = {https://www.medrxiv.org/content/10.1101/2020.12.17.20248382v2 https://www.medrxiv.org/content/10.1101/2020.12.17.20248382v2.abstract},
    isbn = {10.1101/2020.12.1},
    doi = {10.1101/2020.12.17.20248382}
}

@article{Wang2020FromValidation,
    title = {{From 2SFCA to i2SFCA: integration, derivation and validation}},
    year = {2020},
    journal = {https://doi.org/10.1080/13658816.2020.1811868},
    author = {Wang, Fahui},
    number = {3},
    pages = {628--638},
    volume = {35},
    publisher = {Taylor {\&} Francis},
    url = {https://www.tandfonline.com/doi/abs/10.1080/13658816.2020.1811868},
    doi = {10.1080/13658816.2020.1811868},
    issn = {13623087},
    keywords = {2-Step floating catchment area (2SFCA) method, Huff model, inverted 2-Step floating catchment area (i2SFCA) method, theoretical foundation}
}

@misc{Google2021GeocodingPlatform,
    title = {{Geocoding API of Google Maps Platform}},
    year = {2021},
    author = {{Google}},
    url = {https://developers.google.com/maps/documentation/geocoding/start}
}

@article{Nasseh2017GeographicWisconsin,
    title = {{Geographic access to dental care varies in Missouri and Wisconsin}},
    year = {2017},
    journal = {Journal of Public Health Dentistry},
    author = {Nasseh, Kamyar and Eisenberg, Yochai and Vujicic, Marko},
    number = {3},
    pages = {197--206},
    volume = {77},
    doi = {10.1111/jphd.12197},
    issn = {17527325},
    pmid = {28075494},
    keywords = {Medicaid, dental care, dentist shortage, geographic access, two-step floating catchment area method}
}

@article{Cao2016GeographicStates,
    title = {{Geographic patterns of end-stage renal disease and kidney transplants in the Midwestern United States}},
    year = {2016},
    journal = {Applied Geography},
    author = {Cao, Yanjia and Stewart, Kathleen and Kalil, Roberto},
    pages = {133--143},
    volume = {71},
    publisher = {Elsevier Ltd},
    url = {http://dx.doi.org/10.1016/j.apgeog.2016.05.001},
    doi = {10.1016/j.apgeog.2016.05.001},
    issn = {01436228},
    keywords = {End-stage renal disease, Kidney transplants, Racial disparities, Spatial accessibility, Spatial clustering}
}

@article{Tao2020HierarchicalChina,
    title = {{Hierarchical two-step floating catchment area (2SFCA) method: Measuring the spatial accessibility to hierarchical healthcare facilities in Shenzhen, China}},
    year = {2020},
    journal = {International Journal for Equity in Health},
    author = {Tao, Zhuolin and Cheng, Yang and Liu, Jixiang},
    number = {1},
    month = {9},
    volume = {19},
    publisher = {BioMed Central Ltd},
    doi = {10.1186/s12939-020-01280-7},
    issn = {14759276},
    pmid = {32957992},
    keywords = {2SFCA, Absolute distance, Hierarchical healthcare facilities, Relative distance, Spatial accessibility}
}

@article{Ji2020HowChina,
    title = {{How to find vacant green space in the process of urban park planning: Case study in Ningbo (China)}},
    year = {2020},
    journal = {International Journal of Environmental Research and Public Health},
    author = {Ji, Shunwei and Ma, Renfeng and Ren, Liyan and Wang, Caijuan},
    number = {21},
    month = {11},
    pages = {1--18},
    volume = {17},
    publisher = {MDPI AG},
    doi = {10.3390/IJERPH17218282},
    issn = {16604601},
    pmid = {33182455},
    keywords = {Accessibility, Green space allocation, Ningbo, Park green space, Residential area, Spatiotemporal matching}
}

@misc{Dempsey2018HowQGIS,
    title = {{How to Geocode Addresses Using QGIS}},
    year = {2018},
    booktitle = {GIS Lounge},
    author = {Dempsey, Caitlin},
    pages = {1--4},
    url = {https://www.gislounge.com/how-to-geocode-addresses-using-qgis/}
}

@misc{mySociety2019IMD2019Maps,
    title = {{IMD2019 Maps: About the maps}},
    year = {2019},
    author = {{mySociety}},
    url = {https://research.mysociety.org/sites/imd2019/about/}
}

@article{Jeyanathan2020ImmunologicalStrategies,
    title = {{Immunological considerations for COVID-19 vaccine strategies}},
    year = {2020},
    journal = {Nature Reviews Immunology},
    author = {Jeyanathan, Mangalakumari and Afkhami, Sam and Smaill, Fiona and Miller, Matthew S. and Lichty, Brian D. and Xing, Zhou},
    number = {10},
    pages = {615--632},
    volume = {20},
    url = {http://dx.doi.org/10.1038/s41577-020-00434-6},
    doi = {10.1038/s41577-020-00434-6},
    issn = {14741741},
    pmid = {32887954}
}

@techreport{PHE2021Impact2021,
    title = {{Impact of COVID-19 vaccines on mortality in England December 2020 to March 2021}},
    year = {2021},
    author = {{PHE}},
    number = {April},
    pages = {1--11},
    url = {https://assets.publishing.service.gov.uk/government/uploads/system/uploads/attachment_data/file/977249/PHE_COVID-19_vaccine_impact_on_mortality_March.pdf},
    institution = {Public Health England}
}

@misc{Hill2016ImprovingAccessibility,
    title = {{Improving global vaccine accessibility}},
    year = {2016},
    booktitle = {Current Opinion in Biotechnology},
    author = {Hill, Andrew B. and Kilgore, Christopher and McGlynn, Margaret and Jones, Charles H.},
    month = {12},
    pages = {67--73},
    volume = {42},
    publisher = {Elsevier Ltd},
    doi = {10.1016/j.copbio.2016.03.002},
    issn = {18790429},
    pmid = {26994376}
}

@article{Wang2018InvertedCrowdedness,
    title = {{Inverted Two-Step Floating Catchment Area Method for Measuring Facility Crowdedness}},
    year = {2018},
    journal = {Professional Geographer},
    author = {Wang, Fahui},
    number = {2},
    pages = {251--260},
    volume = {70},
    doi = {10.1080/00330124.2017.1365308},
    issn = {14679272},
    keywords = {Huff model, distance decay, inverted two-step floating catchment area (i2SFCA), two-step floating catchment area (2SFCA) method}
}

@article{Wang2017InvertedCrowdedness,
    title = {{Inverted Two-Step Floating Catchment Area Method for Measuring Facility Crowdedness}},
    year = {2017},
    journal = {https://doi.org/10.1080/00330124.2017.1365308},
    author = {Wang, Fahui},
    number = {2},
    month = {4},
    pages = {251--260},
    volume = {70},
    publisher = {Routledge},
    url = {https://www.tandfonline.com/doi/abs/10.1080/00330124.2017.1365308},
    doi = {10.1080/00330124.2017.1365308},
    issn = {14679272},
    keywords = {Huff model, declinaci{\'{o}}n de distancia, distance decay, inverted two-step floating catchment area (i2SFCA) method, modelo de Huff, m{\'{e}}todo de {\'{a}}rea de captaci{\'{o}}n flotante en dos pasos (2SFCA), m{\'{e}}todo inverso de {\'{a}}rea de captaci{\'{o}}n flotante en dos pasos (i2SFCA), two-step floating catchment area (2SFCA) method, 两阶段流动搜寻法 (2SFCA)。, 反向两阶段流动搜寻法 (i2SFCA), 随距衰减, 霍夫模型}
}

@misc{ONS2011LC2101EWAge,
    title = {{LC2101EW - Ethnic group by sex by age}},
    year = {2011},
    author = {{ONS}},
    url = {https://www.nomisweb.co.uk/query/construct/summary.asp?mode=construct&version=0&dataset=801}
}

@misc{OfficeforNationalStatistics2015MajorBoundaries,
    title = {{Major Towns and Cities (December 2015) Boundaries}},
    year = {2015},
    author = {{Office for National Statistics}},
    url = {https://data.gov.uk/dataset/7879ab82-2863-401e-8a29-a56e264d2182/major-towns-and-cities-december-2015-boundaries}
}

@misc{Berragan2021MappingData,
    title = {{Mapping Inequalities in COVID-19 Vaccine Accessibility | CDRC Data}},
    year = {2021},
    author = {Berragan, Cillian and Green, Mark and Singleton, Alex},
    url = {https://data.cdrc.ac.uk/stories/mapping-inequalities-covid-19-vaccine-accessibility}
}

@article{Goralnick2021Mass-VaccinationPandemic,
    title = {{Mass-Vaccination Sites — An Essential Innovation to Curb the Covid-19 Pandemic}},
    year = {2021},
    journal = {New England Journal of Medicine},
    author = {Goralnick, Eric and Kaufmann, Christoph and Gawande, Atul A.},
    number = {18},
    volume = {384},
    doi = {10.1056/nejmp2102535},
    issn = {0028-4793},
    pmid = {33691058}
}

@article{Wang2012MeasurementReview,
    title = {{Measurement, Optimization, and Impact of Health Care Accessibility: A Methodological Review}},
    year = {2012},
    journal = {Annals of the Association of American Geographers},
    author = {Wang, Fahui},
    number = {5},
    pages = {1104--1112},
    volume = {102},
    doi = {10.1080/00045608.2012.657146},
    issn = {00045608},
    keywords = {accessibility measure, health care access, late-stage cancer, optimization}
}

@article{Luo2003MeasuresRegion,
    title = {{Measures of spatial accessibility to health care in a GIS environment: Synthesis and a case study in the Chicago region}},
    year = {2003},
    journal = {Environment and Planning B: Planning and Design},
    author = {Luo, Wei and Wang, Fahui},
    number = {6},
    pages = {865--884},
    volume = {30},
    doi = {10.1068/b29120},
    issn = {02658135}
}

@article{Luo2003MeasuresRegionb,
    title = {{Measures of spatial accessibility to health care in a GIS environment: Synthesis and a case study in the Chicago region}},
    year = {2003},
    journal = {Environment and Planning B: Planning and Design},
    author = {Luo, Wei and Wang, Fahui},
    number = {6},
    pages = {865--884},
    volume = {30},
    doi = {10.1068/b29120},
    issn = {02658135}
}

@article{Masoodi2015MeasuringIran,
    title = {{Measuring access to urban health services using geographical information system (GIS): A case study of health service management in Bandar Abbas, Iran}},
    year = {2015},
    journal = {International Journal of Health Policy and Management},
    author = {Masoodi, Mehdi and Rahimzadeh, Mahsa},
    number = {7},
    pages = {439--445},
    volume = {4},
    url = {http://dx.doi.org/10.15171/ijhpm.2015.23},
    doi = {10.15171/ijhpm.2015.23},
    issn = {23225939},
    pmid = {26188808},
    keywords = {Bandar Abbas, Geographic information system (GIS), Health services accessibility, Response time (RT) accessibility technique, Spatial analysis}
}

@article{Langford2006MeasuringPopulation,
    title = {{Measuring potential access to primary healthcare services: The influence of alternative spatial representations of population}},
    year = {2006},
    journal = {Professional Geographer},
    author = {Langford, Mitchel and Higgs, Gary},
    number = {3},
    pages = {294--306},
    volume = {58},
    doi = {10.1111/j.1467-9272.2006.00569.x},
    issn = {00330124},
    keywords = {Dasymetric mapping, Healthcare provision, Population, Spatial accessibility, Spatial representation}
}

@article{SCHUURMAN2010MeasuringModel,
    title = {{Measuring potential spatial access to primary health care physicians using a modified gravity model}},
    year = {2010},
    journal = {The Canadian Geographer / Le G{\'{e}}ographe canadien},
    author = {SCHUURMAN, NADINE and B{\'{E}}RUB{\'{E}}, MYRIAM and CROOKS, VALORIE A.},
    number = {1},
    month = {3},
    pages = {29--45},
    volume = {54},
    publisher = {John Wiley {\&} Sons, Ltd},
    url = {https://onlinelibrary.wiley.com/doi/full/10.1111/j.1541-0064.2009.00301.x https://onlinelibrary.wiley.com/doi/abs/10.1111/j.1541-0064.2009.00301.x https://onlinelibrary.wiley.com/doi/10.1111/j.1541-0064.2009.00301.x},
    doi = {10.1111/J.1541-0064.2009.00301.X},
    issn = {1541-0064},
    keywords = {Services de soins primaires, accessibilit{\'{e}} spatiale, estimation par noyau de la densit{\'{e}}, gravity model, kernel density estimation, mod{\`{e}}les gravitationnels, primary health care, rural and remote health, sant{\'{e}} rurale et {\'{e}}loign{\'{e}}e, spatial access}
}

@article{Bauer2016MeasuringMethod,
    title = {{Measuring spatial accessibility of health care providers-introduction of a variable distance decay function within the floating catchment area (FCA) method}},
    year = {2016},
    journal = {PLoS ONE},
    author = {Bauer, Jan and Groneberg, David A.},
    number = {7},
    pages = {1--18},
    volume = {11},
    url = {http://dx.doi.org/10.1371/journal.pone.0159148},
    doi = {10.1371/journal.pone.0159148},
    issn = {19326203},
    pmid = {27391649}
}

@article{Mao2013MeasuringModes,
    title = {{Measuring spatial accessibility to healthcare for populations with multiple transportation modes}},
    year = {2013},
    journal = {Health and Place},
    author = {Mao, Liang and Nekorchuk, Dawn},
    pages = {115--122},
    volume = {24},
    publisher = {Elsevier Ltd},
    doi = {10.1016/j.healthplace.2013.08.008},
    issn = {18732054},
    pmid = {24077335},
    keywords = {2 Step Floating Catchment Area Method (2SFCAM), Geographic information system (GIS), Healthcare accessibility, Transportation mode}
}

@article{Mao2013MeasuringModesb,
    title = {{Measuring spatial accessibility to healthcare for populations with multiple transportation modes}},
    year = {2013},
    journal = {Health and Place},
    author = {Mao, Liang and Nekorchuk, Dawn},
    month = {11},
    pages = {115--122},
    volume = {24},
    publisher = {Pergamon},
    doi = {10.1016/j.healthplace.2013.08.008},
    issn = {18732054},
    pmid = {24077335},
    keywords = {2 Step Floating Catchment Area Method (2SFCAM), Geographic information system (GIS), Healthcare accessibility, Transportation mode}
}

@article{Page2019MeasuringApproach,
    title = {{Measuring Spatial Accessibility to Services within Indices of Multiple Deprivation: Implications of Applying an Enhanced two-Step Floating Catchment Area (E2SFCA) Approach}},
    year = {2019},
    journal = {Applied Spatial Analysis and Policy},
    author = {Page, Nicholas and Langford, Mitchel and Higgs, Gary},
    number = {2},
    pages = {321--348},
    volume = {12},
    isbn = {1206101792},
    doi = {10.1007/s12061-017-9246-2},
    issn = {18744621},
    keywords = {Accessibility, Indices of multiple deprivation, Reproducible research, Two-step floating catchment area}
}

@article{Vadrevu2016MeasuringSundarbans,
    title = {{Measuring spatial equity and access to maternal health services using enhanced two step floating catchment area method (E2SFCA) - A case study of the Indian Sundarbans}},
    year = {2016},
    journal = {International Journal for Equity in Health},
    author = {Vadrevu, Lalitha and Kanjilal, Barun},
    number = {1},
    pages = {1--13},
    volume = {15},
    url = {http://dx.doi.org/10.1186/s12939-016-0376-y},
    doi = {10.1186/s12939-016-0376-y},
    issn = {14759276},
    pmid = {27268153},
    keywords = {Concentration curve, Enhanced two step floating catchment area method, Equity, Geographic information system, Gravity models, Maternal health, Spatial accessibility, Sundarbans}
}

@book{Isard1960MethodsScience,
    title = {{Methods of regional analysis : an introduction to regional science}},
    year = {1960},
    author = {Isard, Walter. and Bramhall, David F.},
    publisher = {Cambridge, Mass.: Massachusetts Institute of Technology}
}

@misc{ONS2011MiddleV3,
    title = {{Middle Layer Super Output Areas (December 2011) Boundaries Super Generalised Clipped (BSC) EW V3}},
    year = {2011},
    author = {{ONS}},
    url = {https://geoportal.statistics.gov.uk/datasets/ons::middle-layer-super-output-areas-december-2011-boundaries-super-generalised-clipped-bsc-ew-v3/about}
}

@misc{ONS2011MiddleCentroids,
    title = {{Middle Layer Super Output Areas (December 2011) Population Weighted Centroids}},
    year = {2011},
    author = {{ONS}},
    url = {https://geoportal.statistics.gov.uk/datasets/ons::middle-layer-super-output-areas-december-2011-population-weighted-centroids/about}
}

@misc{ONS2020MiddleInformation,
    title = {{Middle Super Output Area population estimates (supporting information)}},
    year = {2020},
    author = {{ONS}},
    url = {https://www.ons.gov.uk/peoplepopulationandcommunity/populationandmigration/populationestimates/datasets/middlesuperoutputareamidyearpopulationestimates}
}

@misc{UKDepartmentForTransport2020ModeGOV.UK,
    title = {{Mode of travel - GOV.UK}},
    year = {2020},
    author = {{UK Department For Transport}},
    url = {https://www.gov.uk/government/statistical-data-sets/nts03-modal-comparisons#mode-by-region}
}

@article{Langford2016Multi-modalAccessibility,
    title = {{Multi-modal two-step floating catchment area analysis of primary health care accessibility}},
    year = {2016},
    journal = {Health and Place},
    author = {Langford, Mitchel and Higgs, Gary and Fry, Richard},
    month = {3},
    pages = {70--81},
    volume = {38},
    publisher = {Elsevier Ltd},
    doi = {10.1016/j.healthplace.2015.11.007},
    issn = {18732054},
    pmid = {26798964},
    keywords = {Accessibility, Multi-modal, Primary Healthcare, Public transit, Two Step Floating Catchment Area}
}

@techreport{MHCLG2019National2019,
    title = {{National Statistics English Indices of Deprivation 2019}},
    year = {2019},
    author = {{MHCLG}},
    pages = {2},
    volume = {2019},
    url = {https://www.gov.uk/government/statistics/english-indices-of-deprivation-2019}
}

@misc{NHS2021NHSArea,
    title = {{NHS Data Model and Dictionary: Middle Layer Super Output Area}},
    year = {2021},
    booktitle = {National Health Service},
    author = {{NHS}},
    url = {https://datadictionary.nhs.uk/nhs_business_definitions/middle_layer_super_output_area.html}
}

@misc{NHS2021NHSAreab,
    title = {{NHS Data Model and Dictionary: Middle Layer Super Output Area}},
    year = {2021},
    author = {{NHS}},
    url = {https://datadictionary.nhs.uk/nhs_business_definitions/middle_layer_super_output_area.html}
}

@misc{NHS2021NHSDay,
    title = {{NHS England invites everyone aged 50 and over to be jabbed as NHS vaccination programme marks 100th day}},
    year = {2021},
    author = {{NHS}},
    url = {https://www.england.nhs.uk/2021/03/nhs-england-invites-everyone-aged-50-and-over-to-be-jabbed-as-nhs-vaccination-programme-marks-100th-day/}
}

@misc{NHS2021NHSPush,
    title = {{NHS invites all adults to get a COVID jab in final push}},
    year = {2021},
    author = {{NHS}},
    url = {https://www.england.nhs.uk/2021/06/nhs-invites-all-adults-to-get-a-covid-jab-in-final-push/}
}

@misc{NHS2021NHSVaccination,
    title = {{NHS invites people aged 60-plus to get life-saving COVID vaccination}},
    year = {2021},
    author = {{NHS}},
    url = {https://www.england.nhs.uk/2021/02/nhs-invites-people-aged-60-plus-to-get-life-saving-covid-vaccination/}
}

@misc{OSRMProject2021OpenNetworks,
    title = {{Open Source Routing Machine. Modern C++ Routing Engine for Shortest Paths in Road Networks}},
    year = {2021},
    author = {{OSRM Project}},
    url = {http://project-osrm.org/}
}

@misc{OpenTripPlanner2021OpenTripPlannerTutorial,
    title = {{OpenTripPlanner 2 Basic Tutorial}},
    year = {2021},
    author = {{OpenTripPlanner}},
    url = {http://docs.opentripplanner.org/en/latest/Basic-Tutorial/}
}

@article{Zhou2021OptimizingSimulations,
    title = {{Optimizing Spatial Allocation of COVID-19 Vaccine by Agent-Based Spatiotemporal Simulations}},
    year = {2021},
    journal = {GeoHealth},
    author = {Zhou, Shuli and Zhou, Suhong and Zheng, Zhong and Lu, Junwen},
    number = {6},
    month = {6},
    pages = {e2021GH000427},
    volume = {5},
    publisher = {John Wiley {\&} Sons, Ltd},
    url = {https://agupubs.onlinelibrary.wiley.com/doi/full/10.1029/2021GH000427 https://agupubs.onlinelibrary.wiley.com/doi/abs/10.1029/2021GH000427 https://agupubs.onlinelibrary.wiley.com/doi/10.1029/2021GH000427},
    doi = {10.1029/2021GH000427},
    issn = {2471-1403}
}

@article{Ngui2011OptimizingMontreal,
    title = {{Optimizing the two-step floating catchment area method for measuring spatial accessibility to medical clinics in Montreal}},
    year = {2011},
    journal = {BMC Health Services Research},
    author = {Ngui, André Ngamini and Apparicio, Philippe},
    volume = {11},
    doi = {10.1186/1472-6963-11-166},
    issn = {14726963},
    pmid = {21745402},
    keywords = {Montreal, Spatial accessibility, health services, medical clinics, optimized two step-floating catchment area}
}

@article{Chu2020PhysicalMeta-analysis,
    title = {{Physical distancing, face masks, and eye protection to prevent person-to-person transmission of SARS-CoV-2 and COVID-19: a systematic review and meta-analysis}},
    year = {2020},
    journal = {The Lancet},
    author = {Chu, Derek K. and Akl, Elie A. and Duda, Stephanie and Solo, Karla and Yaacoub, Sally and Sch{\"{u}}nemann, Holger J. and El-harakeh, Amena and Bognanni, Antonio and Lotfi, Tamara and Loeb, Mark and Hajizadeh, Anisa and Bak, Anna and Izcovich, Ariel and Cuello-Garcia, Carlos A. and Chen, Chen and Harris, David J. and Borowiack, Ewa and Chamseddine, Fatimah and Sch{\"{u}}nemann, Finn and Morgano, Gian Paolo and Muti Sch{\"{u}}nemann, Giovanna E.U. and Chen, Guang and Zhao, Hong and Neumann, Ignacio and Chan, Jeffrey and Khabsa, Joanne and Hneiny, Layal and Harrison, Leila and Smith, Maureen and Rizk, Nesrine and Giorgi Rossi, Paolo and AbiHanna, Pierre and El-khoury, Rayane and Stalteri, Rosa and Baldeh, Tejan and Piggott, Thomas and Zhang, Yuan and Saad, Zahra and Khamis, Assem and Reinap, Marge},
    number = {10242},
    pages = {1973--1987},
    volume = {395},
    doi = {10.1016/S0140-6736(20)31142-9},
    issn = {1474547X},
    pmid = {32497510}
}

@article{Wang2013PlanningApproach:,
    title = {{Planning toward Equal Accessibility to Services: A Quadratic Programming Approach:}},
    year = {2013},
    journal = {https://doi.org/10.1068/b37096},
    author = {Wang, Fahui and Tang, Quan},
    number = {2},
    month = {4},
    pages = {195--212},
    volume = {40},
    publisher = {SAGE PublicationsSage UK: London, England},
    url = {https://journals.sagepub.com/doi/abs/10.1068/b37096},
    doi = {10.1068/B37096},
    keywords = {accessibility index, equal accessibility, health-care access, job access, quadratic programming}
}

@misc{ONS2020PopulationIreland,
    title = {{Population estimates for the UK, England and Wales, Scotland and Northern Ireland}},
    year = {2020},
    author = {{ONS}},
    url = {https://www.ons.gov.uk/peoplepopulationandcommunity/populationandmigration/populationestimates/bulletins/annualmidyearpopulationestimates/latest#population-growth-in-england-wales-scotland-and-northern-ireland}
}

@article{Bauer2020PredictionAccessibility,
    title = {{Prediction of hospital visits for the general inpatient care using floating catchment area methods: A reconceptualization of spatial accessibility}},
    year = {2020},
    journal = {International Journal of Health Geographics},
    author = {Bauer, J. and Klingelh{\"{o}}fer, D. and Maier, W. and Schwettmann, L. and Groneberg, D. A.},
    number = {1},
    pages = {1--11},
    volume = {19},
    url = {https://doi.org/10.1186/s12942-020-00223-3},
    doi = {10.1186/s12942-020-00223-3},
    issn = {1476072X},
    pmid = {32718317},
    keywords = {Floating catchment area, Hospital visits, Need, Prediction, Spatial accessibility}
}

@article{ProQuestDocuments-2021-07-22,
    title = {{ProQuestDocuments-2021-07-22}}
}

@article{Mizen2015QuantifyingServices,
    title = {{Quantifying the Error Associated with Alternative GIS-based Techniques to Measure Access to Health Care Services}},
    year = {2015},
    journal = {AIMS Public Health},
    author = {Mizen, Amy and Fry, Richard and Grinnell, Daniel and E. Rodgers, Sarah},
    number = {4},
    pages = {746--761},
    volume = {2},
    doi = {10.3934/publichealth.2015.4.746},
    issn = {2327-8994}
}

@misc{RCoreTeam2015R:Computing,
    title = {{R: A language and environment for statistical computing}},
    year = {2015},
    author = {{R Core Team}},
    url = {https://www.r-project.org/},
    institution = {R Foundation for Statistical Computing},
    address = {Vienna, Austria}
}

@article{Siegel2021Racial/EthnicRacism,
    title = {{Racial/Ethnic Disparities in State-Level COVID-19 Vaccination Rates and Their Association with Structural Racism}},
    year = {2021},
    journal = {Journal of Racial and Ethnic Health Disparities},
    author = {Siegel, Michael and Critchfield-Jain, Isabella and Boykin, Matthew and Owens, Alicia and Muratore, Rebeckah and Nunn, Taiylor and Oh, Joanne},
    month = {10},
    pages = {1--14},
    publisher = {Springer Science and Business Media Deutschland GmbH},
    url = {https://link.springer.com/article/10.1007/s40615-021-01173-7},
    doi = {10.1007/S40615-021-01173-7/TABLES/7},
    issn = {21968837},
    keywords = {African American populations, COVID-19 (coronavirus disease 2019), COVID-19 vaccination, Health disparities, Hispanic/Latinx populations, Structural racism, Vaccination}
}

@article{Kang2020RapidlyUSA,
    title = {{Rapidly measuring spatial accessibility of COVID-19 healthcare resources: a case study of Illinois, USA}},
    year = {2020},
    journal = {International Journal of Health Geographics},
    author = {Kang, Jeon Young and Michels, Alexander and Lyu, Fangzheng and Wang, Shaohua and Agbodo, Nelson and Freeman, Vincent L. and Wang, Shaowen},
    number = {1},
    month = {9},
    volume = {19},
    publisher = {BioMed Central Ltd},
    doi = {10.1186/s12942-020-00229-x},
    issn = {1476072X},
    pmid = {32928236},
    keywords = {COVID-19, CyberGIS, Social vulnerability, Spatial accessibility, Spatial analysis}
}

@article{Dony2015Re-conceptualizingMethod,
    title = {{Re-conceptualizing accessibility to parks in multi-modal cities: A Variable-width Floating Catchment Area (VFCA) method}},
    year = {2015},
    journal = {Landscape and Urban Planning},
    author = {Dony, Coline C. and Delmelle, Eric M. and Delmelle, Elizabeth C.},
    pages = {90--99},
    volume = {143},
    url = {http://dx.doi.org/10.1016/j.landurbplan.2015.06.011},
    doi = {10.1016/j.landurbplan.2015.06.011},
    issn = {01692046},
    keywords = {Environmental equity, Multi-modal transport planning, Network analysis, Park and recreation, Spatial accessibility, Urban health}
}

@inproceedings{Luxen2011Real-timeData,
    title = {{Real-time routing with OpenStreetMap data}},
    year = {2011},
    booktitle = {Proceedings of the 19th ACM SIGSPATIAL International Conference on Advances in Geographic Information Systems (GIS '11)},
    author = {Luxen, Dennis and Vetter, Christian},
    pages = {513--516},
    publisher = {Association for Computing Machinery},
    address = {New York, NY, USA},
    isbn = {9781450310314},
    doi = {10.1145/2093973.2094062}
}

@article{Prakash2007RegionalCanada,
    title = {{Regional effects of satellite haemodialysis units on renal replacement therapy in non-urban Ontario, Canada}},
    year = {2007},
    journal = {Nephrology Dialysis Transplantation},
    author = {Prakash, Suma and Austin, Peter C. and Oliver, Matthew J. and Garg, Amit X. and Blake, Peter G. and Hux, Janet E.},
    number = {8},
    pages = {2297--2303},
    volume = {22},
    doi = {10.1093/ndt/gfm176},
    issn = {09310509},
    pmid = {17412701},
    keywords = {ESRD, Haemodialysis, Peritoneal dialysis, RRT rate, Regional variation}
}

@book{Shevlyakov2016RobustApplications,
    title = {{Robust Correlation: Theory and Applications}},
    year = {2016},
    author = {Shevlyakov, Georgy L. and Oja, Hannu},
    pages = {13--31},
    publisher = {New York: John Wiley {\&} Sons, Incorporated},
    isbn = {9781119264507},
    doi = {10.1002/9781119264507}
}

@article{Lewnard2020ScientificCOVID-19,
    title = {{Scientific and ethical basis for social-distancing interventions against COVID-19}},
    year = {2020},
    journal = {The Lancet Infectious Diseases},
    author = {Lewnard, Joseph A. and Lo, Nathan C.},
    number = {6},
    pages = {631--633},
    volume = {20},
    doi = {10.1016/S1473-3099(20)30190-0},
    issn = {14744457},
    pmid = {32213329}
}

@book{Bryman2012SocialMethods,
    title = {{Social Research Methods}},
    year = {2012},
    author = {Bryman, Alan},
    edition = {4th},
    publisher = {Oxford University Press},
    address = {Oxford, UK}
}

@article{Nafilyan2021SociodemographicStudy,
    title = {{Sociodemographic inequality in COVID-19 vaccination coverage among elderly adults in England: a national linked data study}},
    year = {2021},
    journal = {BMJ Open},
    author = {Nafilyan, Vahe and Dolby, Ted and Razieh, Cameron and Gaughan, Charlotte Hannah and Morgan, Jasper and Ayoubkhani, Daniel and Walker, Sarah and Khunti, Kamlesh and Glickman, Myer and Yates, Thomas},
    number = {7},
    month = {7},
    pages = {e053402},
    volume = {11},
    publisher = {British Medical Journal Publishing Group},
    url = {https://bmjopen.bmj.com/content/11/7/e053402 https://bmjopen.bmj.com/content/11/7/e053402.abstract},
    doi = {10.1136/BMJOPEN-2021-053402},
    issn = {2044-6055},
    pmid = {34301672},
    keywords = {COVID-19, epidemiology, infection control}
}

@article{Agarwal2021SocioeconomicVaccination,
    title = {{Socioeconomic privilege and political ideology are associated with racial disparity in COVID-19 vaccination}},
    year = {2021},
    journal = {Proceedings of the National Academy of Sciences of the United States of America},
    author = {Agarwal, Ritu and Dugas, Michelle and Ramaprasad, Jui and Luo, Junjie and Li, Gujie and Gao, Guodong},
    number = {33},
    month = {8},
    pages = {2107873118},
    volume = {118},
    publisher = {National Academy of Sciences},
    doi = {10.1073/PNAS.2107873118/SUPPL{\_}FILE/PNAS.2107873118.SAPP.PDF},
    issn = {10916490},
    pmid = {34326130},
    keywords = {COVID-19, Racial disparity, Social determinants of health, Vaccination}
}

@article{Shi2012SpatialStates,
    title = {{Spatial Access and Local Demand for Major Cancer Care Facilities in the United States}},
    year = {2012},
    journal = {Annals of the Association of American Geographers},
    author = {Shi, Xun and Alford-Teaster, Jennifer and Onega, Tracy and Wang, Dongmei},
    number = {5},
    pages = {1125--1134},
    volume = {102},
    doi = {10.1080/00045608.2012.657498},
    issn = {00045608},
    keywords = {cancer, floating catchment area, health care, kernel density estimation, spatial access}
}

@article{2019SpatialMode,
    title = {{Spatial Accessibility Analysis of Wuhan Tourist Attractions Based on Multiple Public Transportation Mode}},
    year = {2019},
    doi = {10.16202/j.cnki.tnrs.2019.01.016}
}

@article{Delamater2013SpatialMetric,
    title = {{Spatial accessibility in suboptimally configured health care systems: A modified two-step floating catchment area (M2SFCA) metric}},
    year = {2013},
    journal = {Health and Place},
    author = {Delamater, Paul L.},
    pages = {30--43},
    volume = {24},
    doi = {10.1016/j.healthplace.2013.07.012},
    issn = {18732054},
    pmid = {24021921},
    keywords = {3SFCA, E2SFCA, Gravity models, Health care access, Spatial accessibility}
}

@article{Rader2021SpatialSARS-CoV-2,
    title = {{Spatial Accessibility Modeling of Vaccine Deserts as Barriers to Controlling SARS-CoV-2}},
    year = {2021},
    journal = {medRxiv},
    author = {Rader, Benjamin and Astley, Christina M and Sewalk, Kara and Paul, L and Cordiano, Kathryn and Wronski, Laura and Rivera, Jessica Malaty and Hallberg, Kai and Pera, Megan F and Cantor, Jonathan and Whaley, Christopher M and Bravata, Dena M and Brownstein, John S},
    pages = {1--20},
    url = {https://doi.org/10.1101/2021.06.09.21252858},
    doi = {10.1101/2021.06.09.21252858}
}

@article{Bauer2018SpatialMethod,
    title = {{Spatial Accessibility of Primary Care in England: A Cross-Sectional Study Using a Floating Catchment Area Method}},
    year = {2018},
    journal = {Health Services Research},
    author = {Bauer, Jan and M{\"{u}}ller, Ruth and Br{\"{u}}ggmann, Dörthe and Groneberg, David A.},
    number = {3},
    pages = {1957--1978},
    volume = {53},
    doi = {10.1111/1475-6773.12731},
    issn = {14756773},
    pmid = {28685827},
    keywords = {Access, England, GIS, GP, social deprivation}
}

@article{Guagliardo2004SpatialChallenges,
    title = {{Spatial accessibility of primary care: concepts, methods and challenges}},
    year = {2004},
    journal = {International Journal of Health Geographics},
    author = {Guagliardo, Mark F},
    pages = {3},
    volume = {3},
    url = {http://www.ij-healthgeographics.com/content/3/1/3}
}

@article{McGrail2012SpatialImprovements,
    title = {{Spatial accessibility of primary health care utilising the two step floating catchment area method: An assessment of recent improvements}},
    year = {2012},
    journal = {International Journal of Health Geographics},
    author = {McGrail, Matthew R.},
    number = {1},
    pages = {1},
    volume = {11},
    url = {International Journal of Health Geographics},
    doi = {10.1186/1476-072X-11-50},
    issn = {1476072X},
    pmid = {23153335},
    keywords = {Access to health care, Medical geography, Primary health care, Rural health, Service catchments, Spatial accessibility}
}

@article{Tao2018SpatialAPIs,
    title = {{Spatial accessibility to healthcare services in Shenzhen, China: Improving the multi-modal two-step floating catchment area method by estimating travel time via online map APIs}},
    year = {2018},
    journal = {BMC Health Services Research},
    author = {Tao, Zhuolin and Yao, Zaoxing and Kong, Hui and Duan, Fei and Li, Guicai},
    number = {1},
    month = {5},
    volume = {18},
    publisher = {BioMed Central Ltd.},
    doi = {10.1186/s12913-018-3132-8},
    issn = {14726963},
    pmid = {29743111},
    keywords = {2SFCA, Healthcare accessibility, Multi-modal, Online map API, Shenzhen}
}

@article{Ye2018SpatialModel,
    title = {{Spatial equity in accessing secondary education: Evidence from a gravity-based model}},
    year = {2018},
    journal = {Canadian Geographer},
    author = {Ye, Changdong and Zhu, Yushu and Yang, Jiangxue and Fu, Qiang},
    number = {4},
    pages = {452--469},
    volume = {62},
    doi = {10.1111/cag.12482},
    issn = {15410064},
    keywords = {education inequity, school accessibility, secondary school, spatial equity, two-step floating catchment area method}
}

@article{Mollalo2021SpatialStates,
    title = {{Spatial modeling of covid-19 vaccine hesitancy in the united states}},
    year = {2021},
    journal = {International Journal of Environmental Research and Public Health},
    author = {Mollalo, Abolfazl and Tatar, Moosa},
    number = {18},
    month = {9},
    pages = {9488},
    volume = {18},
    publisher = {Multidisciplinary Digital Publishing Institute},
    url = {https://www.mdpi.com/1660-4601/18/18/9488/htm},
    doi = {10.3390/ijerph18189488},
    issn = {16604601},
    pmid = {34574416},
    keywords = {COVID-19, GIS, Multiscale GWR, Vaccination, Vaccine hesitancy}
}

@article{MartinBland1986StatisticalMeasurement,
    title = {{Statistical Methods for Assessing Agreement Between Two Methods of Clinical Measurement}},
    year = {1986},
    journal = {The Lancet},
    author = {Martin Bland, J. and Altman, Douglas G.},
    number = {8476},
    month = {2},
    pages = {307--310},
    volume = {327},
    publisher = {Elsevier},
    doi = {10.1016/S0140-6736(86)90837-8},
    issn = {0140-6736}
}

@misc{Jarrett2015StrategiesReview,
    title = {{Strategies for addressing vaccine hesitancy - A systematic review}},
    year = {2015},
    booktitle = {Vaccine},
    author = {Jarrett, Caitlin and Wilson, Rose and O'Leary, Maureen and Eckersberger, Elisabeth and Larson, Heidi J. and Eskola, Juhani and Liang, Xiaofeng and Chaudhuri, Mohuya and Dube, Evé and Gellin, Bruce and Goldstein, Susan and Larson, Heidi and MacDonald, Noni and Manzo, Mahamane Laouali and Reingold, Arthur and Tshering, Kinzang and Zhou, Yuqing and Duclos, Philippe and Guirguis, Sherine and Hickler, Ben and Schuster, Melanie},
    number = {34},
    month = {8},
    pages = {4180--4190},
    volume = {33},
    publisher = {Vaccine},
    url = {https://pubmed.ncbi.nlm.nih.gov/25896377/},
    doi = {10.1016/j.vaccine.2015.04.040},
    issn = {18732518},
    pmid = {25896377},
    keywords = {Interventions, Literature reviews, SAGE, Strategies, Vaccination hesitancy, Vaccine hesitancy, WHO}
}

@misc{Mills2021TheVaccinations,
    title = {{The challenges of distributing COVID-19 vaccinations}},
    year = {2021},
    booktitle = {EClinicalMedicine},
    author = {Mills, Melinda C. and Salisbury, David},
    month = {1},
    volume = {31},
    publisher = {Elsevier},
    url = {http://www.thelancet.com/article/S2589537020304181/fulltext http://www.thelancet.com/article/S2589537020304181/abstract https://www.thelancet.com/journals/eclinm/article/PIIS2589-5370(20)30418-1/abstract},
    doi = {10.1016/j.eclinm.2020.100674},
    issn = {25895370}
}

@article{Penchansky1981TheSatisfaction,
    title = {{The concept of access: Definition and relationship to consumer satisfaction}},
    year = {1981},
    journal = {Medical Care},
    author = {Penchansky, Roy and Thomas, J. William},
    number = {2},
    pages = {127--140},
    volume = {19},
    doi = {10.1097/00005650-198102000-00001},
    issn = {15371948},
    pmid = {7206846}
}

@article{Hsiang2020ThePandemic,
    title = {{The effect of large-scale anti-contagion policies on the COVID-19 pandemic}},
    year = {2020},
    journal = {Nature},
    author = {Hsiang, Solomon and Allen, Daniel and Annan-Phan, Sébastien and Bell, Kendon and Bolliger, Ian and Chong, Trinetta and Druckenmiller, Hannah and Huang, Luna Yue and Hultgren, Andrew and Krasovich, Emma and Lau, Peiley and Lee, Jaecheol and Rolf, Esther and Tseng, Jeanette and Wu, Tiffany},
    number = {7820},
    pages = {262--267},
    volume = {584},
    doi = {10.1038/s41586-020-2404-8},
    issn = {14764687},
    pmid = {32512578}
}

@techreport{MHCLG2019TheFAQs,
    title = {{The English Indices of Deprivation 2019: Frequently Asked Questions (FAQs)}},
    year = {2019},
    author = {{MHCLG}},
    pages = {17},
    url = {https://assets.publishing.service.gov.uk/government/uploads/system/uploads/attachment_data/file/833959/IoD2019_Infographic.pdf}
}

@article{Olonilua2008TheStudy,
    title = {{The limits of health-care seeking behaviour: How long will patients travel for STI care? Evidence from England's 'Patient Access and the Transmission of Sexually Transmitted Infections' ('PATSI') study}},
    year = {2008},
    journal = {International Journal of STD and AIDS},
    author = {Olonilua, O. and Ross, J. D.C. and Mercer, C. and Keane, F. and Brook, G. and Cassell, J. A.},
    number = {12},
    pages = {814--816},
    volume = {19},
    doi = {10.1258/ijsa.2008.008205},
    issn = {09564624},
    pmid = {19050210},
    keywords = {Behaviour, Distance, Service delivery, Sexual health, Travel}
}

@article{Pukelsheim1994TheRule,
    title = {{The Three Sigma Rule}},
    year = {1994},
    journal = {The American Statistician},
    author = {Pukelsheim, Friedrich},
    number = {2},
    pages = {88--91},
    volume = {48},
    keywords = {-xc, and, bienayme-chebyshev inequality, f is nondecreasing on, gauss, inequality, mode v e ir, nonincreasing on, oo, that is, v, vysochanskii-petunin inequality}
}

@article{Ledford2020TheKnow,
    title = {{The UK has approved a COVID vaccine - here's what scientists now want to know}},
    year = {2020},
    journal = {Nature},
    author = {Ledford, Heidi and Cyranoski, David and Van Noorden, Richard},
    number = {7837},
    pages = {205--206},
    volume = {588},
    doi = {10.1038/d41586-020-03441-8},
    issn = {14764687},
    pmid = {33288887},
    keywords = {SARS-CoV-2, Vaccines}
}

@misc{IfG2021TimelineLockdowns,
    title = {{Timeline of UK government coronavirus lockdowns}},
    year = {2021},
    author = {{IfG}},
    url = {https://www.instituteforgovernment.org.uk/charts/uk-government-coronavirus-lockdowns}
}

@techreport{TfL2019Travel13,
    title = {{Travel in London, report 13}},
    year = {2019},
    author = {{TfL}},
    number = {12},
    pages = {55--56},
    url = {http://content.tfl.gov.uk/travel-in-london-report-12.pdf}
}

@article{Niedzielski2014TravelWork,
    title = {{Travel Time and Distance as Relative Accessibility in the Journey to Work}},
    year = {2014},
    journal = {Annals of the Association of American Geographers},
    author = {Niedzielski, Michael A. and Eric Boschmann, E.},
    number = {6},
    pages = {1156--1182},
    volume = {104},
    doi = {10.1080/00045608.2014.958398},
    issn = {14678306},
    keywords = {Denver, accessibility, journey to work, urban form, working poor}
}

@article{MacKenna2021TrendsOpenSAFELY,
    title = {{Trends, regional variation, and clinical characteristics of COVID-19 vaccine recipients: a retrospective cohort study in 23.4 million patients using OpenSAFELY}},
    year = {2021},
    journal = {medRxiv},
    author = {MacKenna, Brian and Curtis, Helen J and Morton, Caroline E and Inglesby, Peter and Walker, Alex J and Morley, Jessica and Mehrka, Amir and Bacon, Seb and {George} and {Hickman} and Bates, Chris and Croker, Richard and Evans, David and Ward, Tom and Cockburn, Jonathan and Davy, Simon and Bhaskaran, Krishnan and Schultze, Anna and Rentsch, Christopher T and {Elizabeth} and {Williamson} and Hulme, William and McDonald, Helen I and Tomlinson, Laurie and Mathur, Rohini and {Henry} and {Drysdale} and Eggo, Rosalind M and Wing, Kevin and Wong, Angel YS and Forbes, Harriet and Parry, John and Hester, Frank and Harper, Sam and Douglas, Ian J and Smeeth, Stephen JW Evans Liam and {Ben} and {Goldacre}},
    doi = {10.1101/2021.01.25.21250356}
}

@misc{UKDepartmentofHealthandSocialCare2021UKPlan,
    title = {{UK COVID-19 vaccines delivery plan}},
    year = {2021},
    author = {{UK Department of Health and Social Care}},
    pages = {1--47},
    url = {https://www.gov.uk/government/publications/uk-covid-19-vaccines-delivery-plan}
}

@article{Langford2020UnderstandingTechniques,
    title = {{Understanding Spatial Variations in Accessibility to Banks Using Variable Floating Catchment Area Techniques}},
    year = {2020},
    journal = {Applied Spatial Analysis and Policy},
    author = {Langford, Mitchel and Higgs, Gary and Jones, Samuel},
    doi = {10.1007/s12061-020-09347-2},
    issn = {18744621},
    keywords = {Bank branch closures, Floating catchment area techniques, Spatial analysis, Variable catchments}
}

@article{Luo2018UseChina,
    title = {{Use of an E2SFCA method to measure and analyse spatial accessibility to medical services for elderly people in wuhan, China}},
    year = {2018},
    journal = {International Journal of Environmental Research and Public Health},
    author = {Luo, Jing and Chen, Guangping and Li, Chang and Xia, Bingyan and Sun, Xuan and Chen, Siyun},
    number = {7},
    volume = {15},
    isbn = {8613871437},
    doi = {10.3390/ijerph15071503},
    issn = {16604601},
    pmid = {30018190},
    keywords = {Ageing population, Enhanced two-step floating catchment area (E2SFCA), Medical services, Spatial accessibility, Wuhan city}
}

@article{Luo2004UsingPhysicians,
    title = {{Using a GIS-based floating catchment method to assess areas with shortage of physicians}},
    year = {2004},
    journal = {Health and Place},
    author = {Luo, Wei},
    number = {1},
    pages = {1--11},
    volume = {10},
    doi = {10.1016/S1353-8292(02)00067-9},
    issn = {13538292},
    pmid = {14637284},
    keywords = {Floating catchment, GIS, Illinois, Physician shortage, Scale, Spatial distribution}
}

@article{Su2021UsingShelters,
    title = {{Using the variable two-step floating catchment area method to measure the potential spatial accessibility of urban emergency shelters}},
    year = {2021},
    journal = {GeoJournal},
    author = {Su, Haoran and Chen, Wenkai and Cheng, Min},
    publisher = {Springer Science and Business Media Deutschland GmbH},
    doi = {10.1007/s10708-021-10389-3},
    issn = {15729893},
    keywords = {2SFCA, Disaster management, Emergency shelter, Spatial accessibility, Valley city, Variable catchment size}
}

@misc{NHS2021VaccinationSites,
    title = {{Vaccination sites}},
    year = {2021},
    author = {{NHS}},
    url = {https://www.england.nhs.uk/coronavirus/publication/vaccination-sites/}
}

@unpublished{Carley2017ValidatingModels,
    title = {{Validating Computational Models}},
    year = {2017},
    author = {Carley, Kathleen M},
    url = {http://reports-archive.adm.cs.cmu.edu/anon/anon/home/ftp/usr0/ftp/isr2017/CMU-ISR-17-105.pdf},
    institution = {Carnegie Mellon University}
}

@article{Luo2012VariableMethod,
    title = {{Variable catchment sizes for the two-step floating catchment area (2SFCA) method}},
    year = {2012},
    journal = {Health and Place},
    author = {Luo, Wei and Whippo, Tara},
    number = {4},
    pages = {789--795},
    volume = {18},
    url = {http://dx.doi.org/10.1016/j.healthplace.2012.04.002},
    doi = {10.1016/j.healthplace.2012.04.002},
    issn = {18732054},
    keywords = {GIS, Potential spatial accessibility, Primary care physician, Two-step floating catchment area method, Variable catchment size}
}

@article{Altmann2020WhatImmunity,
    title = {{What policy makers need to know about COVID-19 protective immunity}},
    year = {2020},
    journal = {The Lancet},
    author = {Altmann, Daniel M. and Douek, Daniel C. and Boyton, Rosemary J.},
    number = {10236},
    pages = {1527--1529},
    volume = {395},
    doi = {10.1016/S0140-6736(20)30985-5},
    issn = {1474547X},
    pmid = {32353328}
}

@misc{WHO2020WHOPandemic,
    title = {{WHO announces outbreak of COVID-19 as a pandemic}},
    year = {2020},
    author = {{WHO}},
    url = {https://www.euro.who.int/en/health-topics/health-emergencies/coronavirus-covid-19/news/news/2020/3/who-announces-covid-19-outbreak-a-pandemic}
}

@article{Czajka2020WhoVaccinations,
    title = {{Who or what influences the individuals’ decision-making process regarding vaccinations?}},
    year = {2020},
    journal = {International Journal of Environmental Research and Public Health},
    author = {Czajka, Hanna and Czajka, Szymon and Bi{\l}as, Paweł and Pa{\l}ka, Paulina and J{\c{e}}drusik, Szczepan and Czapkiewicz, Anna},
    number = {12},
    pages = {1--16},
    volume = {17},
    doi = {10.3390/ijerph17124461},
    issn = {16604601},
    pmid = {32575879},
    keywords = {Antivaccine movements, Medical education, Vaccination, Vaccine hesitancy, Vaccine-preventable diseases}
}

@article{Zhang2020YouData,
    title = {{You are how you travel: A multi-task learning framework for Geodemographic inference using transit smart card data}},
    year = {2020},
    journal = {Computers, Environment and Urban Systems},
    author = {Zhang, Yang and Sari Aslam, Nilufer and Lai, Juntao and Cheng, Tao},
    number = {April},
    pages = {101517},
    volume = {83},
    publisher = {Elsevier},
    url = {https://doi.org/10.1016/j.compenvurbsys.2020.101517},
    doi = {10.1016/j.compenvurbsys.2020.101517},
    issn = {01989715},
    keywords = {Geodemographic inference, Multi-task CNN, Residential area detection, Smart card data, Spatio-temporal activity pattern}
}